@article{felzenszwalb2004efficient,
  title={Efficient graph-based image segmentation},
  author={Felzenszwalb, Pedro F and Huttenlocher, Daniel P},
  journal={International journal of computer vision},
  volume={59},
  number={2},
  pages={167--181},
  year={2004},
  publisher={Springer}
}
@article{uijlings2013selective,
  title={Selective search for object recognition},
  author={Uijlings, Jasper RR and Van De Sande, Koen EA and Gevers, Theo and Smeulders, Arnold WM},
  journal={International journal of computer vision},
  volume={104},
  number={2},
  pages={154--171},
  year={2013},
  publisher={Springer}
}